<?xml version="1.0" encoding="UTF-8"?><collection><record><leader>08918ntm a2200577 a 4500</leader><controlfield tag="001">006796399</controlfield><controlfield tag="003">MiAaHDL</controlfield><controlfield tag="005">20190719000000.0</controlfield><controlfield tag="006">m        d        </controlfield><controlfield tag="007">cr bn ---auaua</controlfield><controlfield tag="008">090522s1608    xx            00| ||ara d</controlfield><datafield tag="035" ind1=" " ind2=" "><subfield code="a">(MiU)006796399</subfield></datafield><datafield tag="035" ind1=" " ind2=" "><subfield code="a">sdr-miu006796399</subfield></datafield><datafield tag="040" ind1=" " ind2=" "><subfield code="a">MiU</subfield><subfield code="c">MiU</subfield><subfield code="e">amremm</subfield></datafield><datafield tag="043" ind1=" " ind2=" "><subfield code="a">n-us-mi</subfield></datafield><datafield tag="100" ind1="1" ind2=" "><subfield code="6">880-01</subfield><subfield code="a">Mutanabbī, Abū al-Ṭayyib Aḥmad ibn al-Ḥusayn,</subfield><subfield code="d">915 or 916-965.</subfield></datafield><datafield tag="240" ind1="1" ind2="0"><subfield code="6">880-02</subfield><subfield code="a">Poems</subfield></datafield><datafield tag="245" ind1="1" ind2="0"><subfield code="6">880-03</subfield><subfield code="a">Dīwān shiʻr Abī al-Ṭayyib,</subfield><subfield code="f">[1016, i.e. 1608].</subfield></datafield><datafield tag="246" ind1="3" ind2=" "><subfield code="6">880-04</subfield><subfield code="i">Edge title:</subfield><subfield code="a">Dīwān al-Mutanabbī</subfield></datafield><datafield tag="260" ind1=" " ind2=" "><subfield code="c">[1608].</subfield></datafield><datafield tag="300" ind1=" " ind2=" "><subfield code="a">221 leaves :</subfield><subfield code="b">paper ;</subfield><subfield code="c">273 x 162 (181 x 91 ; 248 x 127) mm. bound to 272 x 175 mm.</subfield></datafield><datafield tag="500" ind1=" " ind2=" "><subfield code="a">Shelfmark: Ann Arbor, University of Michigan, Special Collections Library, Isl. Ms. 246</subfield></datafield><datafield tag="500" ind1=" " ind2=" "><subfield code="a">Origin: As appears in colophon on fol.210b (p.420), copied by Sulaymān ibn Yūnus ibn Khaṭṭāb ibn Shaḥḥādhah [?] ibn Muḥammad ibn Ḥurayz al-Satafī [?] al-Mālikī. Transcription finished "wa-kāna al-farāgh min istinsākh hādhā al-dīwān..." 14 Dhū al-Qaʻdah 1016 [ca. 31 March 1608].</subfield></datafield><datafield tag="500" ind1=" " ind2=" "><subfield code="a">Accompanying materials: a. between pp. 322-23 folded slip with numerals, etc. -- b. between pp.404-405 slip in laid paper with verses copied in ruqʻah.</subfield></datafield><datafield tag="500" ind1=" " ind2=" "><subfield code="a">Binding: Pasteboards covered in deep brown leather ; Type II binding (with flap) ; pastedowns and flyleaves as well as interior of envelope flap in shell marbled paper (pink, brown and white) ; interior of fore edge flap in same brown leather ; upper and lower covers bear gold-stamped central piece and decorative border (formed from two repeating vegetal pattern stamps and interlocking architectural pattern stamp) along with pendants and corner pieces (formed from a repeated scrolling floral pattern stamp) ; envelope flap bears complementary design formed from same stamps ; sewn in cream thread, four stations ; worked chevron endbands in cream and blue ; in fair condition with some abrasion, staining, fading, some pest damage, loss to endbands, and spine slant (cocked) ; housed in box for protection.</subfield></datafield><datafield tag="500" ind1=" " ind2=" "><subfield code="a">Support: non-European laid paper ; laid lines oriented horizontally or vertically (some variation from quire to quire) spaced roughly 7-9 laid lines per cm. (also varying) with some sagging or curving ; chain lines very feint and indistinct but occasionally visible - may be grouped ; quite firm, somewhat crisp, and of medium translucency ; well burnished ; only a few inclusions and undissolved fibers visible ; flyleaves in European laid paper, laid lines vertical spaced roughly 11 laid lines per cm. ; chain lines horizontal spaced 30 mm. apart ; large shield/scrollwork (six pointed star within) watermark partially visible in back flyleaf.</subfield></datafield><datafield tag="500" ind1=" " ind2=" "><subfield code="a">Decoration: Illuminated titlepiece on fol.1a (p.1) consisting of upper and lower rectangular panels with central roundel (shamsah) ; upper panel bears title in gold thuluth ; shamsah bears author's name,etc. in blue and gold, highly ligatured tawqi verging on thuluth ; lower panel continues blessings upon the author in gold thuluth ; outlined by vegetal accents in blue ; framed in pink band with blue crosses and a series of gold bands outlined with black fillets ; superbly executed illuminated headpiece (ʻunwān) on fol.1b (p.2) consisting of rectangular panel surmounted by scalloped semi-circular piece (dome) surmounted by vertical stalks (tigh) in blue and gold ; rectangular panel contains stylized cartouche in gold carrying title "ديوان شعر ابي الطيب" in white, surrounded by floral vegetal decoration in gold, orange-red, white, light blue, etc. on a field of lapis lazuli flanked by semi-circular pieces in light-blue and gold ; semi-circular piece carries floral vegetal design in gold, orange-red, pink, white, etc. on fields of lapis lazuli and gold ; bordered in a well with blue crosses on a pink band ; between the two pieces a rectangular band floral vegetal decoration in gold, blue, orange-red, and white on a field of black ; written area and margin (including decoratively arranged lines) framed in a series of gold bands flanked by black fillets ; incipit and facing page various floral designs in orange-red, blue, white, green, and gold ; partially chrysographed with section (divisions by letter) headings in gold ; text of titlepiece in gold and blue ; text rubricated with verse headings, numerals corresponding to glosses, etc. in red.</subfield></datafield><datafield tag="500" ind1=" " ind2=" "><subfield code="a">Script: Naskh ; large, clear hand of Persianate character (Iraqi ?) ; mainly sans serif but with occasional right-sloping head serif on free-standing alif, lām of definite article, etc. and left-sloping head serif on joined alif, etc. (irregular), kāf mashqūqah preferred, but mabsūṭah also appears, slight effect of inclination to the left, elongation of horizontal strokes, some sweeping descenders, quite rounded and curvilinear, pointing in distinct dots, point of final / free-standing nūn set down in bowl ; fully vocalized ; glosses of very similar character only thinner line and smaller size (likely supplied by same copyist).</subfield></datafield><datafield tag="500" ind1=" " ind2=" "><subfield code="a">Layout: Written in 15 lines per page ; single column, often divided to two to set off poetry, and fine ruled margin with lines arranged obliquely in decorative geometric patterns (triangles, zig-zag, etc.) ; frame-ruled.</subfield></datafield><datafield tag="500" ind1=" " ind2=" "><subfield code="a">Collation: ii, V-1(9), 19 V(199), VI(211), ii ; chiefly quinions ; final leaf left blank ; catchwords present ; pagination in pencil, Western numerals, supplied during cataloguing.</subfield></datafield><datafield tag="500" ind1=" " ind2=" "><subfield code="a">Colophon: "Scribal," triangular then rectangular, reads: "وكان الفراغ من استنساخ هذا الديوان المبارك رابع عشر شهر ذي القعدة من شهور سنة ستة عشر والف من الهجرة النبوية على صاحبها افضل الصلات والسلام تم وعلى يد العبد الفقير الى الله تعالى سليمان بن المرحوم يونس بن خطاب بن شحاذة بن محمد بن حذير الستفي المالكي غفر الله له ولوالديه ومشايخه واخوانه ولمن طالع فيه ودعا لم [كذا] بالمغفرة ولكل المسلمين اجمعين وصلى الله على سيدنا محمد واله وصحبه اجمعين وسلم"</subfield></datafield><datafield tag="500" ind1=" " ind2=" "><subfield code="a">Explicit: "ومثلك يؤتى من بلاد بعيدة ليضحك ربات الحداد البواكيا. وقال ايضا يمدح سيف الدولة ... وكانه جيش ابن حرب رعته حتى كانك يا علي علي. تم شعر ابي الطيب برياذاته والحمد لله كما هو اهله. يقول كاتب اصله المنقول منه هذه النسخة نقلت هذا الديوان من نسختين ..."</subfield></datafield><datafield tag="500" ind1=" " ind2=" "><subfield code="a">Incipit: "قافية الهمزة قال ابو الطيب احمد بن الحسين المتنبى رحمه الله ومولده بالكوفة في كندة سنة ثلث وثلثماية يمدح سيف الدولة وكان امره باجازة ابيات على هذا الوزن وهذا الروي شعر عذل العواذل حول قلبي التائه وهوى الاحبة منه في سودائه ..."</subfield></datafield><datafield tag="500" ind1=" " ind2=" "><subfield code="a">Title from titlepiece on fol.1b (p.2).</subfield></datafield><datafield tag="500" ind1=" " ind2=" "><subfield code="a">Ms. codex.</subfield></datafield><datafield tag="510" ind1="4" ind2=" "><subfield code="a">Brockelmann, C. GAL,</subfield><subfield code="c">I, 86</subfield></datafield><datafield tag="520" ind1="8" ind2=" "><subfield code="a">Fine copy of the renowned dīwān and glosses, closing with a discussion of the source material for the recension contained in the model from which this manuscript was transcribed.</subfield></datafield><datafield tag="538" ind1=" " ind2=" "><subfield code="a">Mode of access: Internet.</subfield></datafield><datafield tag="541" ind1=" " ind2=" "><subfield code="c">Purchase ;</subfield><subfield code="a">Acquired by purchase (funds donated by Horace Rackham).</subfield><subfield code="d">1924.</subfield></datafield><datafield tag="546" ind1=" " ind2=" "><subfield code="a">Arabic.</subfield></datafield><datafield tag="561" ind1=" " ind2=" "><subfield code="a">Possible former inventory marks include inscription in pencil, on front flyleaf "466 T. De M. [i.e. Tammaro De Marinis]" and on fol.1a "31" ; glosses, decoratively arranged in margin throughout ; a few notabilia ; on fol.208a-210b (p.415-420) a discussion, transcribed by the present copyist as it appears in the model from which he was working, addresses the manuscript copies from which that recension of the Dīwān had been taken.</subfield></datafield><datafield tag="650" ind1=" " ind2="0"><subfield code="a">Manuscripts, Arabic</subfield><subfield code="z">Michigan</subfield><subfield code="z">Ann Arbor.</subfield></datafield><datafield tag="650" ind1=" " ind2="0"><subfield code="a">Arabic poetry</subfield><subfield code="v">Early works to 1800.</subfield></datafield><datafield tag="655" ind1=" " ind2="7"><subfield code="a">Headpieces (layout features)</subfield><subfield code="y">17th century.</subfield><subfield code="2">aat</subfield></datafield><datafield tag="700" ind1="0" ind2=" "><subfield code="a">Abdülhamid</subfield><subfield code="b">II,</subfield><subfield code="c">Sultan of the Turks,</subfield><subfield code="d">1842-1918,</subfield><subfield code="e">former owner.</subfield></datafield><datafield tag="700" ind1="1" ind2=" "><subfield code="6">880-06</subfield><subfield code="a">Satafī, Sulaymān ibn Yūnus,</subfield><subfield code="d">fl. 1608,</subfield><subfield code="e">scribe.</subfield></datafield><datafield tag="773" ind1="0" ind2=" "><subfield code="a">Abdul Hamid Collection.</subfield></datafield><datafield tag="880" ind1="1" ind2=" "><subfield code="6">700-06/</subfield><subfield code="a">ستفي, سليمان بن يونس,</subfield><subfield code="e">ناسخ.</subfield></datafield><datafield tag="880" ind1="3" ind2=" "><subfield code="6">246-04/</subfield><subfield code="a">ديوان المتنبي</subfield></datafield><datafield tag="880" ind1="1" ind2="0"><subfield code="6">245-03/</subfield><subfield code="a">ديوان شعر ابي الطيب,</subfield><subfield code="f">[1016ه, 1608م].</subfield></datafield><datafield tag="880" ind1="1" ind2=" "><subfield code="6">100-01/</subfield><subfield code="a">متنبي، ابو الطيب احمد بن الحسين.</subfield></datafield><datafield tag="CID" ind1=" " ind2=" "><subfield code="a">006796399</subfield></datafield><datafield tag="DAT" ind1="0" ind2=" "><subfield code="a">20190719102636.0</subfield><subfield code="b">20190719000000.0</subfield></datafield><datafield tag="DAT" ind1="1" ind2=" "><subfield code="a">20190719090653.0</subfield><subfield code="b">2019-07-19T16:11:31Z</subfield></datafield><datafield tag="DAT" ind1="2" ind2=" "><subfield code="a">2015-10-10T18:00:06Z</subfield></datafield><datafield tag="CAT" ind1=" " ind2=" "><subfield code="a">SDR-MIU</subfield><subfield code="d">EX LIBRIS - ALEPH</subfield><subfield code="l">prepare.pl-004-008</subfield></datafield><datafield tag="FMT" ind1=" " ind2=" "><subfield code="a">BK</subfield></datafield><datafield tag="HOL" ind1=" " ind2=" "><subfield code="0">sdr-miu006796399</subfield><subfield code="a">MiU</subfield><subfield code="b">SDR</subfield><subfield code="c">MIU</subfield><subfield code="p">mdp.39015079126853</subfield><subfield code="s">MIU</subfield><subfield code="1">006796399</subfield></datafield><datafield tag="974" ind1=" " ind2=" "><subfield code="b">MIU</subfield><subfield code="c">MIU</subfield><subfield code="d">20190719</subfield><subfield code="s">lit-dlps-dc</subfield><subfield code="u">mdp.39015079126853</subfield><subfield code="y">1608</subfield><subfield code="r">pd</subfield><subfield code="q">bib</subfield><subfield code="t">non-US bib date1 &lt; 1879</subfield></datafield></record></collection>